@article{wolfers2004prediction,
  title={Prediction markets},
  author={Wolfers, Justin and Zitzewitz, Eric},
  journal={Journal of economic perspectives},
  volume={18},
  number={2},
  pages={107--126},
  year={2004},
  publisher={American Economic Association}
}
@misc{PolymarketLearn,
  title = {Learn - Polymarket},
  url = {https://learn.polymarket.com/},
  note = {Accessed: 2023-12-06},
  year = {2023}
}
@article{wolfers2004prediction,
  title={Prediction markets},
  author={Wolfers, Justin and Zitzewitz, Eric},
  journal={Journal of economic perspectives},
  volume={18},
  number={2},
  pages={107--126},
  year={2004},
  publisher={American Economic Association}
}
